@inproceedings{lima2013,
  author  = {Lima, Ewerton and Xavier, Tiago and Faustino, Anderson and Ruiz, Linnyer},
  year    = {2013},
  month   = {09},
  pages   = {142-149},
  title   = {Compiling for performance and power efficiency},
  journal = {2013 23rd International Workshop on Power and Timing Modeling, Optimization and Simulation, PATMOS 2013},
  doi     = {10.1109/PATMOS.2013.6662167}
}

@article{cooper2004,
  author = {Cooper, Keith and Waterman, Todd},
  year   = {2004},
  month  = {01},
  pages  = {},
  title  = {Understanding Energy Consumption on the C62x}
}

@article{hassan2017,
  author  = {Hassan, Hesham and Moussa, Ahmed and Farag, Ibrahim},
  year    = {2017},
  month   = {12},
  pages   = {},
  title   = {Performance vs. Power and Energy   Consumption: Impact of Coding Style and Compiler},
  volume  = {8},
  journal = {International Journal of Advanced Computer Science and Applications},
  doi     = {10.14569/IJACSA.2017.081217}
}

@inproceedings{pereira2017,
  author = {Pereira, Rui and Couto, Marco and Ribeiro, Francisco and Rua, Rui and Cunha, Jácome and Fernandes, João and Saraiva, João},
  year   = {2017},
  month  = {10},
  pages  = {256-267},
  title  = {Energy efficiency across programming languages: how do energy, time, and memory relate?},
  doi    = {10.1145/3136014.3136031}
}

@article{tajana2001,
  author  = {Simunic, Tajana and Benini, Luca and Micheli, Giovanni},
  year    = {2001},
  month   = {03},
  pages   = {15 - 28},
  title   = {Energy-Efficient Design of Battery-Powered Embedded Systems},
  volume  = {9},
  journal = {Very Large Scale Integration (VLSI) Systems, IEEE Transactions on},
  doi     = {10.1109/92.920814}
}

@report{biksbois,
  author      = {Holt, Jeppe and  Kusk, Mads Hjuler and Pedersen, Jamie Baldwin},
  year        = {2023},
  institution = {Aalborg University Department of Computer Science},
  title       = {A Comparison Study of Measuring Instruments},
  doi         = {https://projekter.aau.dk/projekter/da/studentthesis/a-comparison-study-of-measuring-instruments(971c4ca4-024e-4c5b-8153-922b39788f4c).html}
}
@report{Lindholt,
  author      = {Lindholt, Rasmus Smit and Jepsen, Kasper and Nielsen, Aleksander Øster},
  year        = {2022},
  institution = {Aalborg University Department of Computer Science},
  title       = {Analyzing C\# Energy Efficiency of Concurrency and Language Construct Combinations},
  doi         = {https://projekter.aau.dk/projekter/da/studentthesis/analyzing-c-energy-efficiency-of-concurrency-and-language-construct-combinations(e984ad65-cc08-4394-8d0f-8bd3cbfe1173).html}
}



@software{scaphandre,
  author = {Hubblo},
  title  = {Scaphandre},
  url    = {https://github.com/hubblo-org/scaphandre},
  addendum = {23/02/2023}
}

@software{RAPL_Windows,
  author = {Hubblo},
  title  = {windows-rapl-driver},
  url    = {https://github.com/hubblo-org/windows-rapl-driver},
  addendum = {23/02/2023}
}

@article{abdelhafez2019,
  author  = {Abdelhafez, Amr and Alba, Enrique and Luque, Gabriel},
  year    = {2019},
  month   = {10},
  pages   = {1-26},
  title   = {A component-based study of energy consumption for sequential and parallel genetic algorithms},
  volume  = {75},
  journal = {The Journal of Supercomputing},
  doi     = {10.1007/s11227-019-02843-4}
}

@misc{FireFox,
  author   = {Mozilla},
  title    = {tools/power/rapl},
  url      = {https://firefox-source-docs.mozilla.org/performance/tools_power_rapl.html},
  addendum = {24/02/2023}
}


